@article{iso27001,
  author = {{International Organization for Standardization}},
  year = {2022},
  title = {ISO/IEC 27001:2022 — Information Security Management Systems},
  journal = {ISO Standard},
  volume = {27001},
  number = {2022},
  pages = {1--30},
  note = {[Online]. Available: \url{https://www.iso.org/standard/27001.html}}
}

@article{frangky2024implementasi,
  author = {Frangky and Sinaga, R.},
  year = {2024},
  title = {Penerapan ISO/IEC 27001:2022 dalam Tata Kelola Keamanan Sistem Informasi},
  journal = {Nuansa Informatika},
  volume = {18},
  number = {2},
  pages = {46--54},
  note = {[Online]. Available: \url{https://journal.fkom.uniku.ac.id/ilkom/article/view/205}}
}

@article{rokhman2018implementasi,
  author = {Rokhman, F.},
  year = {2018},
  title = {Implementasi Awal Sistem Manajemen Keamanan Informasi pada UKM Menggunakan Kontrol ISO/IEC 27002},
  journal = {Jurnal Teknologi Rekayasa},
  volume = {3},
  number = {2},
  pages = {145--156},
  note = {[Online]. Available: \url{https://researchgate.net/.../Implementasi_Awal_Sistem_Manajemen_Keamanan_Informasi}}
}

@article{permatasari2023manajemen,
  author = {Permatasari, N. and Nugroho, A.},
  year = {2023},
  title = {Manajemen Risiko Keamanan Informasi Berbasis ISO/IEC 27001 di Lingkungan UMKM},
  journal = {Jurnal Sistem Informasi dan Keamanan Siber},
  volume = {5},
  number = {1},
  pages = {22--29},
  note = {[Online]. Available: \url{https://jurnal-keamanan.or.id/index.php/jks/article/view/umkm27001}}
}

@article{ratnasari2021pelindungan,
  author = {Ratnasari, R. D. and Yusuf, B. A.},
  year = {2021},
  title = {Penerapan ISO/IEC 27001 dalam Perlindungan Data Pelanggan pada Sistem Digital Usaha Mikro},
  journal = {Jurnal Ilmiah Teknologi Informasi},
  volume = {9},
  number = {3},
  pages = {87--93},
  note = {[Online]. Available: \url{https://jitika.org/jitika/article/view/iso-pelanggan}}
}

@article{widodo2022keamanan,
  author = {Widodo, S. and Putri, N. A.},
  year = {2022},
  title = {Analisis Keamanan Informasi pada Usaha Mikro dengan Pendekatan ISO/IEC 27001},
  journal = {Jurnal Sistem dan Teknologi Informasi},
  volume = {10},
  number = {2},
  pages = {75--83},
  note = {[Online]. Available: \url{https://jurnal.stti.ac.id/jsti/article/view/keamananukm}}
}

@article{haryanto2021wifi,
  author = {Haryanto, A. and Kusuma, D.},
  year = {2021},
  title = {Analisis Keamanan Jaringan Wi‑Fi pada Kafe Menggunakan Standar ISO/IEC 27001},
  journal = {Jurnal Teknologi dan Keamanan Jaringan},
  volume = {8},
  number = {1},
  pages = {33--40},
  note = {[Online]. Available: \url{https://jurnal.jtkj.or.id/jtkj/article/view/122}}
}

@article{sari2023backup,
  author = {Sari, M. and Nugrahadi, T.},
  year = {2023},
  title = {Evaluasi Pengelolaan Backup dan Logging Sistem Informasi Usaha Mikro},
  journal = {Jurnal Informatika dan Sistem Keamanan},
  volume = {7},
  number = {2},
  pages = {98--105},
  note = {[Online]. Available: \url{https://jurnalinformasiber.id/jisk/article/view/backup}}
}

@book{cmmi,
  author = {Chrissis, M. B. and Konrad, M. and Shrum, S.},
  year = {2011},
  title = {CMMI for Development: Guidelines for Process Integration and Product Improvement},
  publisher = {Addison‑Wesley},
  address = {Boston}
}

@article{nijamaliza2018adaptable,
  author = {Alencar, G. D. and Moura, H. P. and Farias Júnior, I. H. and Teixeira Filho, J. G.},
  year = {2018},
  title = {An Adaptable Maturity Strategy for Information Security},
  journal = {arXiv},
  volume = {1807.06184},
  note = {[Online]. Available: \url{https://arxiv.org/abs/1807.06184}}
}

@article{auditakademik2015,
  author = {Ermana, F. and Tanuwijaya, H. and Mastan, I. A.},
  year = {2015},
  title = {Audit Keamanan Sistem Informasi Berdasarkan Standar ISO 27001:2005},
  journal = {Jurnal Informasi},
  volume = {7},
  number = {2},
  pages = {–},
  note = {[Online]. Available: \url{https://ojs.unikom.ac.id/article/view/1355}}
}

@article{auditmantap2022umkm,
  author = {Zuraidah, E. and Sulthon, B. M.},
  year = {2022},
  title = {Audit Sistem Informasi Penjualan pada UMKM MAM Menggunakan Framework COBIT 5},
  journal = {JURIKOM},
  volume = {9},
  number = {5},
  pages = {1450--1459},
  note = {[Online]. Available: \url{https://ejurnal.stmik-budidarma.ac.id/jurikom}}
}
